
@misc{CouponCollectorProblem,
  author = {{Wikipedia}},
  title  = {\href{https://en.wikipedia.org/wiki/Coupon_collector%27s_problem}{Coupon collector's problem}}
}

@misc{WikipediaKangxi,
  author = {{Wikipedia}},
  title  = {\href{https://en.wikipedia.org/wiki/Kangxi_Dictionary}{Kangxi Dictionary}}
}

@misc{WikipediaSeals,
  author = {{Wikipedia}},
  title  = {\href{https://en.wikipedia.org/wiki/Seals_in_the_Sinosphere}{Seals}}
}

@misc{WikipediaSealScript,
  author = {{Wikipedia}},
  title  = {\href{https://en.wikipedia.org/wiki/Seal_script}{Seal script}}
}
